@STRING{Springer = "Springer International Publishing"}
@STRING{LNCS = "Lecture Notes in Computer Science"}
@STRING{IEEE = "IEEE"}


@misc{SmartOceanSite,
  author       = {{SFI Smart Ocean}},
  title        = {About SFI Smart Ocean},
  howpublished = {\url{https://sfismartocean.no/about/}},
  note         = {(accessed: 26.08.2025)}
}

@misc{SmartOceanHub,
  author       = {{SFI Smart Ocean}},
  title        = {SFI Smart Ocean Hub},
  howpublished = {\url{https://smartoceanplatform.github.io/}},
  note         = {(accessed: 26.08.2025)}
}

@misc{SmartOceanProject,
  author       = {{Research Council of Norway}},
  title        = {{SFI Smart Ocean - prosjektbanken}},
  howpublished = {\url{https://prosjektbanken.forskningsradet.no/project/FORISS/309612}},
  year         = {2020},
  note         = {(accessed: 26.08.2025)}
}

@article{Brown1996,
  author  = {Brown, Alan W. and Wallnau, Kurt C.},
  title   = {A Framework for Evaluating Software Technology},
  journal = {IEEE Software},
  volume  = {13},
  number  = {5},
  pages   = {39--49},
  year    = {1996},
  doi     = {10.1109/52.536457},
  note    = {Available at: \url{https://doi.org/10.1109/52.536457} (accessed: 26.08.2025)}
}

@inproceedings{Grzesik2020,
  author    = {Grzesik, Piotr and Mrozek, Dariusz},
  title     = {Comparative Analysis of Time Series Databases in the Context of Edge Computing for Low Power Sensor Networks},
  booktitle = {Computational Science - ICCS 2020: 20th International Conference, Proceedings, Part V},
  series    = {Lecture Notes in Computer Science},
  volume    = {12141},
  pages     = {371--383},
  publisher = {Springer},
  year      = {2020},
  doi       = {10.1007/978-3-030-50426-7_28},
  note      = {Available at: \url{https://link.springer.com/chapter/10.1007/978-3-030-50426-7_28} (accessed: 26.08.2025)}
}


@misc{CopernicusFoodSecurity,
  author       = {{Copernicus Marine Service}},
  title        = {Why Ocean Health Matters for Food Security and Human Health},
  howpublished = {Available at: \url{https://marine.copernicus.eu/explainers/why-ocean-important/food-security}},
  note         = {(accessed: 27.08.2025)}
}

@article{Domingos2024,
  author    = {Domingos, F. P. F. and others},
  title     = {Underwater Communication Systems and Their Impact on Aquatic Ecosystems},
  journal   = {Electronics},
  volume    = {14},
  number    = {1},
  pages     = {7},
  year      = {2024},
  publisher = {MDPI},
  note      = {Available at: \url{https://www.mdpi.com/2079-9292/14/1/7} (accessed: 27.08.2025)}
}

@article{Skalvik2023,
  author        = {Sk{\aa}lvik, Astrid Marie and S{\ae}tre, Camilla and Fr{\o}ysa, Kjell-Eivind and Bj{\o}rk, Ranveig N. and Tengberg, Anders},
  title         = {Challenges, limitations, and measurement strategies to ensure data quality in deep-sea sensors},
  journal       = {Frontiers in Marine Science},
  volume        = {10},
  articlenumber = {1152236},
  year          = {2023},
  doi           = {10.3389/fmars.2023.1152236},
  note          = {Available at: \url{https://www.frontiersin.org/articles/10.3389/fmars.2023.1152236/full} (accessed: 27.08.2025)}
}




@misc{ACM-CCS-2012,
  title        = {{ACM} Computing Classification System},
  howpublished = {ACM Digital Library website},
  note         = {[Data set; ontology]. Retrieved from \url{https://dl.acm.org/ccs}, accessed 2025-08-28},
  year         = {2012},
  publisher    = {Association for Computing Machinery},
  address      = {New York, NY}
}


@misc{Jensen2017,
  author       = {Jensen, SÃ¸ren Kejser and Pedersen, Torben Bach and Thomsen, Christian},
  title        = {Time Series Management Systems: A Survey},
  howpublished = {arXiv preprint arXiv:1710.01077},
  note         = {Available at: \url{https://arxiv.org/abs/1710.01077} (accessed: 28.08.2025)}
}
