@STRING{Springer = "Springer International Publishing"}
@STRING{LNCS = "Lecture Notes in Computer Science"}
@STRING{IEEE = "IEEE"}

@inproceedings{scipaper1,
	author = {Authors},
	title = {Paper title},
    booktitle={\Proc 30th \IntlConf Computer Science},
	publisher = IEEE,
	address = {Bergen, Norway},
	year = {2001},
}

@misc{google,
    title={{Random Quotation}},
    howpublished={{\url{https://www.google.com}}},
}
