%% Chapter-1

@misc{latex,
  	author		= "{Leslie Lamport}",
  	title     	= "{LaTeX â€“ A document preparation system}",
  	howpublished 	= {\url{https://www.latex-project.org}},
}


